
@ARTICLE{Paxton11,
       author = {{Paxton}, Bill and {Bildsten}, Lars and {Dotter}, Aaron and {Herwig}, Falk and {Lesaffre}, Pierre and {Timmes}, Frank},
        title = "{Modules for Experiments in Stellar Astrophysics (MESA)}",
      journal = {\apjs},
     keywords = {methods: numerical, stars: evolution, stars: general, Astrophysics - Solar and Stellar Astrophysics, Astrophysics - Instrumentation and Methods for Astrophysics},
         year = 2011,
        month = jan,
       volume = {192},
       number = {1},
          eid = {3},
        pages = {3},
          doi = {10.1088/0067-0049/192/1/3},
archivePrefix = {arXiv},
       eprint = {1009.1622},
 primaryClass = {astro-ph.SR},
       adsurl = {https://ui.adsabs.harvard.edu/abs/2011ApJS..192....3P},
      adsnote = {Provided by the SAO/NASA Astrophysics Data System}
}


@ARTICLE{Paxton13,
       author = {{Paxton}, Bill and {Cantiello}, Matteo and {Arras}, Phil and {Bildsten}, Lars and {Brown}, Edward F. and {Dotter}, Aaron and {Mankovich}, Christopher and {Montgomery}, M.~H. and {Stello}, Dennis and {Timmes}, F.~X. and {Townsend}, Richard},
        title = "{Modules for Experiments in Stellar Astrophysics (MESA): Planets, Oscillations, Rotation, and Massive Stars}",
      journal = {\apjs},
     keywords = {asteroseismology, methods: numerical, planets and satellites: physical evolution, stars: evolution, stars: massive, stars: rotation, Astrophysics - Solar and Stellar Astrophysics, Astrophysics - Instrumentation and Methods for Astrophysics},
         year = 2013,
        month = sep,
       volume = {208},
       number = {1},
          eid = {4},
        pages = {4},
          doi = {10.1088/0067-0049/208/1/4},
archivePrefix = {arXiv},
       eprint = {1301.0319},
 primaryClass = {astro-ph.SR},
       adsurl = {https://ui.adsabs.harvard.edu/abs/2013ApJS..208....4P},
      adsnote = {Provided by the SAO/NASA Astrophysics Data System}
}

@ARTICLE{Paxton15,
       author = {{Paxton}, Bill and {Marchant}, Pablo and {Schwab}, Josiah and {Bauer}, Evan B. and {Bildsten}, Lars and {Cantiello}, Matteo and {Dessart}, Luc and {Farmer}, R. and {Hu}, H. and {Langer}, N. and {Townsend}, R.~H.~D. and {Townsley}, Dean M. and {Timmes}, F.~X.},
        title = "{Modules for Experiments in Stellar Astrophysics (MESA): Binaries, Pulsations, and Explosions}",
      journal = {\apjs},
     keywords = {binaries: general, methods: numerical, nuclear reactions, nucleosynthesis, abundances, shock waves, stars: evolution, stars: oscillations, Astrophysics - Solar and Stellar Astrophysics},
         year = 2015,
        month = sep,
       volume = {220},
       number = {1},
          eid = {15},
        pages = {15},
          doi = {10.1088/0067-0049/220/1/15},
archivePrefix = {arXiv},
       eprint = {1506.03146},
 primaryClass = {astro-ph.SR},
       adsurl = {https://ui.adsabs.harvard.edu/abs/2015ApJS..220...15P},
      adsnote = {Provided by the SAO/NASA Astrophysics Data System}
}

@ARTICLE{Paxton18,
       author = {{Paxton}, Bill and {Schwab}, Josiah and {Bauer}, Evan B. and {Bildsten}, Lars and {Blinnikov}, Sergei and {Duffell}, Paul and {Farmer}, R. and {Goldberg}, Jared A. and {Marchant}, Pablo and {Sorokina}, Elena and {Thoul}, Anne and {Townsend}, Richard H.~D. and {Timmes}, F.~X.},
        title = "{Modules for Experiments in Stellar Astrophysics (MESA): Convective Boundaries, Element Diffusion, and Massive Star Explosions}",
      journal = {\apjs},
     keywords = {convection, diffusion, hydrodynamics, methods: numerical, stars: evolution, supernovae: general, Astrophysics - Solar and Stellar Astrophysics, Astrophysics - High Energy Astrophysical Phenomena},
         year = 2018,
        month = feb,
       volume = {234},
       number = {2},
          eid = {34},
        pages = {34},
          doi = {10.3847/1538-4365/aaa5a8},
archivePrefix = {arXiv},
       eprint = {1710.08424},
 primaryClass = {astro-ph.SR},
       adsurl = {https://ui.adsabs.harvard.edu/abs/2018ApJS..234...34P},
      adsnote = {Provided by the SAO/NASA Astrophysics Data System}
}

@ARTICLE{Paxton19,
       author = {{Paxton}, Bill and {Smolec}, R. and {Schwab}, Josiah and {Gautschy}, A. and {Bildsten}, Lars and {Cantiello}, Matteo and {Dotter}, Aaron and {Farmer}, R. and {Goldberg}, Jared A. and {Jermyn}, Adam S. and {Kanbur}, S.~M. and {Marchant}, Pablo and {Thoul}, Anne and {Townsend}, Richard H.~D. and {Wolf}, William M. and {Zhang}, Michael and {Timmes}, F.~X.},
        title = "{Modules for Experiments in Stellar Astrophysics (MESA): Pulsating Variable Stars, Rotation, Convective Boundaries, and Energy Conservation}",
      journal = {\apjs},
     keywords = {stars: evolution, stars: general, stars: interiors, stars: oscillations:  including pulsations, stars: rotation, stars: variables: general, Astrophysics - Solar and Stellar Astrophysics},
         year = 2019,
        month = jul,
       volume = {243},
       number = {1},
          eid = {10},
        pages = {10},
          doi = {10.3847/1538-4365/ab2241},
archivePrefix = {arXiv},
       eprint = {1903.01426},
 primaryClass = {astro-ph.SR},
       adsurl = {https://ui.adsabs.harvard.edu/abs/2019ApJS..243...10P},
      adsnote = {Provided by the SAO/NASA Astrophysics Data System}
}

@ARTICLE{magrathea,
       author = {{Huang}, Chenliang and {Rice}, David R. and {Steffen}, Jason H.},
        title = "{MAGRATHEA: an open-source spherical symmetric planet interior structure code}",
      journal = {\mnras},
     keywords = {equation of state, software: public release, planets and satellites: composition, planets and satellites: general, planets and satellites: interiors, Astrophysics - Earth and Planetary Astrophysics, Astrophysics - Instrumentation and Methods for Astrophysics},
         year = 2022,
        month = jul,
       volume = {513},
       number = {4},
        pages = {5256-5269},
          doi = {10.1093/mnras/stac1133},
archivePrefix = {arXiv},
       eprint = {2201.03094},
 primaryClass = {astro-ph.EP},
       adsurl = {https://ui.adsabs.harvard.edu/abs/2022MNRAS.513.5256H},
      adsnote = {Provided by the SAO/NASA Astrophysics Data System}
}

@ARTICLE{Muller21,
       author = {{M{\"u}ller}, Simon and {Helled}, Ravit},
        title = "{Synthetic evolution tracks of giant planets}",
      journal = {\mnras},
     keywords = {methods: numerical, planets and satellites: composition, planets and satellites: gaseous planets, planets and satellites: interiors, Astrophysics - Earth and Planetary Astrophysics, Astrophysics - Instrumentation and Methods for Astrophysics},
         year = 2021,
        month = oct,
       volume = {507},
       number = {2},
        pages = {2094-2102},
          doi = {10.1093/mnras/stab2250},
archivePrefix = {arXiv},
       eprint = {2108.00949},
 primaryClass = {astro-ph.EP},
       adsurl = {https://ui.adsabs.harvard.edu/abs/2021MNRAS.507.2094M},
      adsnote = {Provided by the SAO/NASA Astrophysics Data System}
}

@ARTICLE{chen_rogers16,
       author = {{Chen}, Howard and {Rogers}, Leslie A.},
        title = "{Evolutionary Analysis of Gaseous Sub-Neptune-mass Planets with MESA}",
      journal = {\apj},
     keywords = {methods: numerical, planets and satellites: atmospheres, planets and satellites: interiors, planets and satellites: physical evolution, Astrophysics - Earth and Planetary Astrophysics},
         year = 2016,
        month = nov,
       volume = {831},
       number = {2},
          eid = {180},
        pages = {180},
          doi = {10.3847/0004-637X/831/2/180},
archivePrefix = {arXiv},
       eprint = {1603.06596},
 primaryClass = {astro-ph.EP},
       adsurl = {https://ui.adsabs.harvard.edu/abs/2016ApJ...831..180C},
      adsnote = {Provided by the SAO/NASA Astrophysics Data System}
}

@ARTICLE{Poser19,
       author = {{Poser}, Anna Julia and {Nettelmann}, Nadine and {Redmer}, Ronald},
        title = "{The Effect of Clouds as an Additional Opacity Source on the Inferred Metallicity of Giant Exoplanets}",
      journal = {Atmosphere},
     keywords = {extrasolar planets: hot Jupiters, atmospheres, clouds, individuals: WASP-10b, WASP-39b, Astrophysics - Earth and Planetary Astrophysics},
         year = 2019,
        month = oct,
       volume = {10},
       number = {11},
          eid = {664},
        pages = {664},
          doi = {10.3390/atmos10110664},
archivePrefix = {arXiv},
       eprint = {1911.01191},
 primaryClass = {astro-ph.EP},
       adsurl = {https://ui.adsabs.harvard.edu/abs/2019Atmos..10..664P},
      adsnote = {Provided by the SAO/NASA Astrophysics Data System}
}

@ARTICLE{Poser24,
       author = {{Poser}, Anna Julia and {Redmer}, Ronald},
        title = "{The effect of cloudy atmospheres on the thermal evolution of warm giant planets from an interior modelling perspective}",
      journal = {arXiv e-prints},
     keywords = {Astrophysics - Earth and Planetary Astrophysics},
         year = 2024,
        month = feb,
          eid = {arXiv:2402.19466},
        pages = {arXiv:2402.19466},
          doi = {10.48550/arXiv.2402.19466},
archivePrefix = {arXiv},
       eprint = {2402.19466},
 primaryClass = {astro-ph.EP},
       adsurl = {https://ui.adsabs.harvard.edu/abs/2024arXiv240219466P},
      adsnote = {Provided by the SAO/NASA Astrophysics Data System}
}

@ARTICLE{Linder18,
       author = {{Linder}, Esther F. and {Mordasini}, Christoph and {Molli{\`e}re}, Paul and {Marleau}, Gabriel-Dominique and {Malik}, Matej and {Quanz}, Sascha P. and {Meyer}, Michael R.},
        title = "{Evolutionary models of cold and low-mass planets: cooling curves, magnitudes, and detectability}",
      journal = {\aap},
     keywords = {planets and satellites: physical evolution, planets and satellites: atmospheres, planets and satellites: detection, Astrophysics - Earth and Planetary Astrophysics},
         year = 2019,
        month = mar,
       volume = {623},
          eid = {A85},
        pages = {A85},
          doi = {10.1051/0004-6361/201833873},
archivePrefix = {arXiv},
       eprint = {1812.02027},
 primaryClass = {astro-ph.EP},
       adsurl = {https://ui.adsabs.harvard.edu/abs/2019A&A...623A..85L},
      adsnote = {Provided by the SAO/NASA Astrophysics Data System}
}

@ARTICLE{LF14,
       author = {{Lopez}, Eric D. and {Fortney}, Jonathan J.},
        title = "{Understanding the Mass-Radius Relation for Sub-neptunes: Radius as a Proxy for Composition}",
      journal = {\apj},
     keywords = {planets and satellites: composition, planets and satellites: formation, planets and satellites: interiors, planets and satellites: physical evolution, Astrophysics - Earth and Planetary Astrophysics},
         year = 2014,
        month = sep,
       volume = {792},
       number = {1},
          eid = {1},
        pages = {1},
          doi = {10.1088/0004-637X/792/1/1},
archivePrefix = {arXiv},
       eprint = {1311.0329},
 primaryClass = {astro-ph.EP},
       adsurl = {https://ui.adsabs.harvard.edu/abs/2014ApJ...792....1L},
      adsnote = {Provided by the SAO/NASA Astrophysics Data System}
}

@ARTICLE{Thorngren16,
       author = {{Thorngren}, Daniel P. and {Fortney}, Jonathan J. and {Murray-Clay}, Ruth A. and {Lopez}, Eric D.},
        title = "{The Mass-Metallicity Relation for Giant Planets}",
      journal = {\apj},
     keywords = {planets and satellites: composition, planets and satellites: gaseous planets, planets and satellites: interiors, planets and satellites: physical evolution, Astrophysics - Earth and Planetary Astrophysics},
         year = 2016,
        month = nov,
       volume = {831},
       number = {1},
          eid = {64},
        pages = {64},
          doi = {10.3847/0004-637X/831/1/64},
archivePrefix = {arXiv},
       eprint = {1511.07854},
 primaryClass = {astro-ph.EP},
       adsurl = {https://ui.adsabs.harvard.edu/abs/2016ApJ...831...64T},
      adsnote = {Provided by the SAO/NASA Astrophysics Data System}
}

@ARTICLE{OW13,
       author = {{Owen}, James E. and {Wu}, Yanqin},
        title = "{Kepler Planets: A Tale of Evaporation}",
      journal = {\apj},
     keywords = {planets and satellites: composition, planets and satellites: formation, planets and satellites: interiors, planets and satellites: physical evolution, Astrophysics - Earth and Planetary Astrophysics},
         year = 2013,
        month = oct,
       volume = {775},
       number = {2},
          eid = {105},
        pages = {105},
          doi = {10.1088/0004-637X/775/2/105},
archivePrefix = {arXiv},
       eprint = {1303.3899},
 primaryClass = {astro-ph.EP},
       adsurl = {https://ui.adsabs.harvard.edu/abs/2013ApJ...775..105O},
      adsnote = {Provided by the SAO/NASA Astrophysics Data System}
}

@ARTICLE{Molliere15,
       author = {{Molli{\`e}re}, P. and {van Boekel}, R. and {Dullemond}, C. and {Henning}, Th. and {Mordasini}, C.},
        title = "{Model Atmospheres of Irradiated Exoplanets: The Influence of Stellar Parameters, Metallicity, and the C/O Ratio}",
      journal = {\apj},
     keywords = {methods: numerical, planets and satellites: atmospheres, radiative transfer, Astrophysics - Earth and Planetary Astrophysics},
         year = 2015,
        month = nov,
       volume = {813},
       number = {1},
          eid = {47},
        pages = {47},
          doi = {10.1088/0004-637X/813/1/47},
archivePrefix = {arXiv},
       eprint = {1509.07523},
 primaryClass = {astro-ph.EP},
       adsurl = {https://ui.adsabs.harvard.edu/abs/2015ApJ...813...47M},
      adsnote = {Provided by the SAO/NASA Astrophysics Data System}
}

@ARTICLE{Molliere17,
       author = {{Molli{\`e}re}, P. and {van Boekel}, R. and {Bouwman}, J. and {Henning}, Th. and {Lagage}, P. -O. and {Min}, M.},
        title = "{Observing transiting planets with JWST. Prime targets and their synthetic spectral observations}",
      journal = {\aap},
     keywords = {methods: numerical, planets and satellites: atmospheres, radiative transfer, Astrophysics - Earth and Planetary Astrophysics},
         year = 2017,
        month = apr,
       volume = {600},
          eid = {A10},
        pages = {A10},
          doi = {10.1051/0004-6361/201629800},
archivePrefix = {arXiv},
       eprint = {1611.08608},
 primaryClass = {astro-ph.EP},
       adsurl = {https://ui.adsabs.harvard.edu/abs/2017A&A...600A..10M},
      adsnote = {Provided by the SAO/NASA Astrophysics Data System}
}

@PHDTHESIS{Brugger_phd_thesis,
url = "http://www.theses.fr/2018AIXM0324",
title = "Structure interne et minéralogie des exoplanètes terrestres de faible masse",
author = {{Brugger}, B.},
year = "2018",
note = "Thèse de doctorat dirigée par Mousis, Olivier et Deleuil, Magali Astrophysique et Cosmologie Aix-Marseille 2018",
note = "2018AIXM0324",
url = "http://www.theses.fr/2018AIXM0324/document",
}

@ARTICLE{Brugger16,
       author = {{Brugger}, B. and {Mousis}, O. and {Deleuil}, M. and {Lunine}, J.~I.},
        title = "{Possible Internal Structures and Compositions of Proxima Centauri b}",
      journal = {\apjl},
     keywords = {Earth, planets and satellites: composition, planets and satellites: individual: Proxima Centauri b, planets and satellites: interiors, Astrophysics - Earth and Planetary Astrophysics},
         year = 2016,
        month = nov,
       volume = {831},
       number = {2},
          eid = {L16},
        pages = {L16},
          doi = {10.3847/2041-8205/831/2/L16},
archivePrefix = {arXiv},
       eprint = {1609.09757},
 primaryClass = {astro-ph.EP},
       adsurl = {https://ui.adsabs.harvard.edu/abs/2016ApJ...831L..16B},
      adsnote = {Provided by the SAO/NASA Astrophysics Data System}
}

@ARTICLE{Brugger17,
       author = {{Brugger}, B. and {Mousis}, O. and {Deleuil}, M. and {Deschamps}, F.},
        title = "{Constraints on Super-Earth Interiors from Stellar Abundances}",
      journal = {\apj},
     keywords = {Earth, planets and satellites: composition, planets and satellites: individual: CoRoT-7b, Kepler-10b, Proxima Centauri b, planets and satellites: interiors, Astrophysics - Earth and Planetary Astrophysics},
         year = 2017,
        month = nov,
       volume = {850},
       number = {1},
          eid = {93},
        pages = {93},
          doi = {10.3847/1538-4357/aa965a},
archivePrefix = {arXiv},
       eprint = {1710.09776},
 primaryClass = {astro-ph.EP},
       adsurl = {https://ui.adsabs.harvard.edu/abs/2017ApJ...850...93B},
      adsnote = {Provided by the SAO/NASA Astrophysics Data System}
}

@ARTICLE{Mousis20,
       author = {{Mousis}, Olivier and {Deleuil}, Magali and {Aguichine}, Artyom and {Marcq}, Emmanuel and {Naar}, Joseph and {Aguirre}, Lorena Acu{\~n}a and {Brugger}, Bastien and {Gon{\c{c}}alves}, Thomas},
        title = "{Irradiated Ocean Planets Bridge Super-Earth and Sub-Neptune Populations}",
      journal = {\apjl},
     keywords = {Exoplanets, Hydrosphere, Planetary interior, Planetary theory, Exoplanet astronomy, Exoplanet structure, 498, 770, 1248, 1258, 486, 495, Astrophysics - Earth and Planetary Astrophysics},
         year = 2020,
        month = jun,
       volume = {896},
       number = {2},
          eid = {L22},
        pages = {L22},
          doi = {10.3847/2041-8213/ab9530},
archivePrefix = {arXiv},
       eprint = {2002.05243},
 primaryClass = {astro-ph.EP},
       adsurl = {https://ui.adsabs.harvard.edu/abs/2020ApJ...896L..22M},
      adsnote = {Provided by the SAO/NASA Astrophysics Data System}
}

@ARTICLE{Aguichine21,
       author = {{Aguichine}, Artyom and {Mousis}, Olivier and {Deleuil}, Magali and {Marcq}, Emmanuel},
        title = "{Mass-Radius Relationships for Irradiated Ocean Planets}",
      journal = {\apj},
     keywords = {Exoplanets, Hydrosphere, Planetary interior, Planetary theory, Exoplanet astronomy, Exoplanet structure, Computational methods, 498, 770, 1248, 1258, 486, 495, 1965, Astrophysics - Earth and Planetary Astrophysics},
         year = 2021,
        month = jun,
       volume = {914},
       number = {2},
          eid = {84},
        pages = {84},
          doi = {10.3847/1538-4357/abfa99},
archivePrefix = {arXiv},
       eprint = {2105.01102},
 primaryClass = {astro-ph.EP},
       adsurl = {https://ui.adsabs.harvard.edu/abs/2021ApJ...914...84A},
      adsnote = {Provided by the SAO/NASA Astrophysics Data System}
}

@ARTICLE{Vivien22,
       author = {{Vivien}, H.~G. and {Aguichine}, A. and {Mousis}, O. and {Deleuil}, M. and {Marcq}, E.},
        title = "{On the Stability of Low-mass Planets with Supercritical Hydrospheres}",
      journal = {\apj},
     keywords = {Exoplanet astronomy, Exoplanet structure, Exoplanet atmospheric composition, Planetary structure, 486, 495, 2021, 1256, Astrophysics - Earth and Planetary Astrophysics},
         year = 2022,
        month = jun,
       volume = {931},
       number = {2},
          eid = {143},
        pages = {143},
          doi = {10.3847/1538-4357/ac66e2},
archivePrefix = {arXiv},
       eprint = {2204.07451},
 primaryClass = {astro-ph.EP},
       adsurl = {https://ui.adsabs.harvard.edu/abs/2022ApJ...931..143V},
      adsnote = {Provided by the SAO/NASA Astrophysics Data System}
}

@ARTICLE{Acuna21,
       author = {{Acu{\~n}a}, L. and {Deleuil}, M. and {Mousis}, O. and {Marcq}, E. and {Levesque}, M. and {Aguichine}, A.},
        title = "{Characterisation of the hydrospheres of TRAPPIST-1 planets}",
      journal = {\aap},
     keywords = {planets and satellites: interiors, planets and satellites: composition, planets and satellites: atmospheres, planets and satellites: individual: TRAPPIST-1, methods: statistical, methods: numerical, Astrophysics - Earth and Planetary Astrophysics},
         year = 2021,
        month = mar,
       volume = {647},
          eid = {A53},
        pages = {A53},
          doi = {10.1051/0004-6361/202039885},
archivePrefix = {arXiv},
       eprint = {2101.08172},
 primaryClass = {astro-ph.EP},
       adsurl = {https://ui.adsabs.harvard.edu/abs/2021A&A...647A..53A},
      adsnote = {Provided by the SAO/NASA Astrophysics Data System}
}

@ARTICLE{Acuna22,
       author = {{Acu{\~n}a}, L. and {Lopez}, T.~A. and {Morel}, T. and {Deleuil}, M. and {Mousis}, O. and {Aguichine}, A. and {Marcq}, E. and {Santerne}, A.},
        title = "{Water content trends in K2-138 and other low-mass multi-planetary systems}",
      journal = {\aap},
     keywords = {stars: abundances, stars: individual: K2-138, planets and satellites: interiors, planets and satellites: composition, planets and satellites: individual: K2-138, methods: numerical, Astrophysics - Earth and Planetary Astrophysics},
         year = 2022,
        month = apr,
       volume = {660},
          eid = {A102},
        pages = {A102},
          doi = {10.1051/0004-6361/202142374},
archivePrefix = {arXiv},
       eprint = {2201.11532},
 primaryClass = {astro-ph.EP},
       adsurl = {https://ui.adsabs.harvard.edu/abs/2022A&A...660A.102A},
      adsnote = {Provided by the SAO/NASA Astrophysics Data System}
}

@ARTICLE{Acuna23,
       author = {{Acu{\~n}a}, L. and {Deleuil}, M. and {Mousis}, O.},
        title = "{Interior-atmosphere modelling to assess the observability of rocky planets with JWST}",
      journal = {\aap},
     keywords = {planets and satellites: atmospheres, planets and satellites: interiors, planets and satellites: composition, planets and satellites: individual: TRAPPIST-1 c, planets and satellites: individual: 55 Cnc e, methods: numerical, Astrophysics - Earth and Planetary Astrophysics},
         year = 2023,
        month = sep,
       volume = {677},
          eid = {A14},
        pages = {A14},
          doi = {10.1051/0004-6361/202245736},
archivePrefix = {arXiv},
       eprint = {2305.01250},
 primaryClass = {astro-ph.EP},
       adsurl = {https://ui.adsabs.harvard.edu/abs/2023A&A...677A..14A},
      adsnote = {Provided by the SAO/NASA Astrophysics Data System}
}

@article{sesame,
  author={Lyon, Stanford P},
  title={Sesame: the Los Alamos National Laboratory equation of state database},  
  journal={Los Alamos National Laboratory report LA-UR-92-3407},
  year={1992}
}

@ARTICLE{Miguel22,
       author = {{Miguel}, Y. and {Bazot}, M. and {Guillot}, T. and {Howard}, S. and {Galanti}, E. and {Kaspi}, Y. and {Hubbard}, W.~B. and {Militzer}, B. and {Helled}, R. and {Atreya}, S.~K. and {Connerney}, J.~E.~P. and {Durante}, D. and {Kulowski}, L. and {Lunine}, J.~I. and {Stevenson}, D. and {Bolton}, S.},
        title = "{Jupiter's inhomogeneous envelope}",
      journal = {\aap},
     keywords = {planets and satellites: interiors, planets and satellites: gaseous planets, planets and satellites: formation, planets and satellites: composition, Astrophysics - Earth and Planetary Astrophysics, Astrophysics - Solar and Stellar Astrophysics},
         year = 2022,
        month = jun,
       volume = {662},
          eid = {A18},
        pages = {A18},
          doi = {10.1051/0004-6361/202243207},
archivePrefix = {arXiv},
       eprint = {2203.01866},
 primaryClass = {astro-ph.EP},
       adsurl = {https://ui.adsabs.harvard.edu/abs/2022A&A...662A..18M},
      adsnote = {Provided by the SAO/NASA Astrophysics Data System}
}

@ARTICLE{Mazevet19,
       author = {{Mazevet}, S. and {Licari}, A. and {Chabrier}, G. and {Potekhin}, A.~Y.},
        title = "{Ab initio based equation of state of dense water for planetary and exoplanetary modeling}",
      journal = {\aap},
     keywords = {equation of state, planets and satellites: interiors, planets and satellites: general, Astrophysics - Earth and Planetary Astrophysics},
         year = 2019,
        month = jan,
       volume = {621},
          eid = {A128},
        pages = {A128},
          doi = {10.1051/0004-6361/201833963},
archivePrefix = {arXiv},
       eprint = {1810.05658},
 primaryClass = {astro-ph.EP},
       adsurl = {https://ui.adsabs.harvard.edu/abs/2019A&A...621A.128M},
      adsnote = {Provided by the SAO/NASA Astrophysics Data System}
}

@ARTICLE{Chabrier21,
       author = {{Chabrier}, Gilles and {Debras}, Florian},
        title = "{A New Equation of State for Dense Hydrogen-Helium Mixtures. II. Taking into Account Hydrogen-Helium Interactions}",
      journal = {\apj},
     keywords = {Brown dwarfs, Stellar physics, 185, 1621, Astrophysics - Solar and Stellar Astrophysics, Astrophysics - Earth and Planetary Astrophysics, Physics - Chemical Physics},
         year = 2021,
        month = aug,
       volume = {917},
       number = {1},
          eid = {4},
        pages = {4},
          doi = {10.3847/1538-4357/abfc48},
archivePrefix = {arXiv},
       eprint = {2107.04434},
 primaryClass = {astro-ph.SR},
       adsurl = {https://ui.adsabs.harvard.edu/abs/2021ApJ...917....4C},
      adsnote = {Provided by the SAO/NASA Astrophysics Data System}
}

@ARTICLE{HG23,
       author = {{Howard}, Saburo and {Guillot}, Tristan},
        title = "{Accounting for non-ideal mixing effects in the hydrogen-helium equation of state}",
      journal = {arXiv e-prints},
     keywords = {Astrophysics - Earth and Planetary Astrophysics},
         year = 2023,
        month = feb,
          eid = {arXiv:2302.07902},
        pages = {arXiv:2302.07902},
          doi = {10.48550/arXiv.2302.07902},
archivePrefix = {arXiv},
       eprint = {2302.07902},
 primaryClass = {astro-ph.EP},
       adsurl = {https://ui.adsabs.harvard.edu/abs/2023arXiv230207902H},
      adsnote = {Provided by the SAO/NASA Astrophysics Data System}
}

@ARTICLE{Haldemann20,
       author = {{Haldemann}, Jonas and {Alibert}, Yann and {Mordasini}, Christoph and {Benz}, Willy},
        title = "{AQUA: a collection of H$_{2}$O equations of state for planetary models}",
      journal = {\aap},
     keywords = {equation of state, planets and satellites: interiors, methods: numerical, Astrophysics - Earth and Planetary Astrophysics},
         year = 2020,
        month = nov,
       volume = {643},
          eid = {A105},
        pages = {A105},
          doi = {10.1051/0004-6361/202038367},
archivePrefix = {arXiv},
       eprint = {2009.10098},
 primaryClass = {astro-ph.EP},
       adsurl = {https://ui.adsabs.harvard.edu/abs/2020A&A...643A.105H},
      adsnote = {Provided by the SAO/NASA Astrophysics Data System}
}


@ARTICLE{gastli_science,
       author = {{Acu{\~n}a}, L. and {Kreidberg}, L. and {Zhai}, M. and {Molli{\`e}re}, P.},
        title = "{GASTLI. An open-source coupled interior-atmosphere model to unveil gas-giant composition}",
      journal = {\aap},
     keywords = {methods: numerical, planets and satellites: atmospheres, planets and satellites: composition, planets and satellites: interiors, planets and satellites: individual: HAT-P-26 b, Astrophysics - Earth and Planetary Astrophysics, Astrophysics - Instrumentation and Methods for Astrophysics},
         year = 2024,
        month = aug,
       volume = {688},
          eid = {A60},
        pages = {A60},
          doi = {10.1051/0004-6361/202450559},
archivePrefix = {arXiv},
       eprint = {2406.10032},
 primaryClass = {astro-ph.EP},
       adsurl = {https://ui.adsabs.harvard.edu/abs/2024A&A...688A..60A},
      adsnote = {Provided by the SAO/NASA Astrophysics Data System}
}

@ARTICLE{Fortney13,
       author = {{Fortney}, Jonathan J. and {Mordasini}, Christoph and {Nettelmann}, Nadine and {Kempton}, Eliza M. -R. and {Greene}, Thomas P. and {Zahnle}, Kevin},
        title = "{A Framework for Characterizing the Atmospheres of Low-mass Low-density Transiting Planets}",
      journal = {\apj},
     keywords = {planets and satellites: atmospheres, planets and satellites: composition, planets and satellites: formation, Astrophysics - Earth and Planetary Astrophysics},
         year = 2013,
        month = sep,
       volume = {775},
       number = {1},
          eid = {80},
        pages = {80},
          doi = {10.1088/0004-637X/775/1/80},
archivePrefix = {arXiv},
       eprint = {1306.4329},
 primaryClass = {astro-ph.EP},
       adsurl = {https://ui.adsabs.harvard.edu/abs/2013ApJ...775...80F},
      adsnote = {Provided by the SAO/NASA Astrophysics Data System}
}


