@comment{ For best rendering of software in a bibliography, please use biblatex with the biblatex-software package }
@comment{ More information available at https://ctan.org/pkg/biblatex-software?lang=en }
@comment{ See also: https://www.softwareheritage.org/howto-archive-and-reference-your-code/ }

@software {climdex-kit,
    title = {climdex-kit},
    author = {Campalani, Piero and Crespi, Alice},
    date = {2022},
    institution = {{Euac Research} -- {Center for Climate Change and Transformation}},
    license = {GNU General Public License v3.0},
    url = {https://pypi.org/project/climdex-kit/},
    repository= {https://gitlab.inf.unibz.it/earth_observation_public/cdr/climdex-kit},
}

@comment{For citing a specific version, please use an entry like the following one}
@softwareversion {climdex-kit-0.1.1,
    crossref = {climdex-kit},
    date = {2023},
    version = {0.1.1},
    swhid = {swh:1:rel:0304f9befded8d04bb3b828bdf9c0dd475879b13;
        origin=https://pypi.org/project/climdex-kit/;
        visit=swh:1:snp:477b51bb17ac5aad9f77bd2a17f691e2d7931bea},
}
